@inproceedings{inproceedings,
author = {Andresen, Leiv and Brandemuehl, Adrian and Honger, Alex and Kuan, Benson and Vodisch, Niclas and Blum, Hermann and Reijgwart, Victor and Bernreiter, Lukas and Schaupp, Lukas and Chung, Jen and BÃ¼rki, Mathias and Oswald, Martin and Siegwart, Roland and Gawel, Abel},
year = {2020},
month = {10},
pages = {4743-4749},
title = {Accurate Mapping and Planning for Autonomous Racing},
doi = {10.1109/IROS45743.2020.9341702}
}