% Encoding: UTF-8
@ARTICLE{Beasley-1984,
  AUTHOR =       {Beasley, D. E. and Clark, J. A.},
  TITLE =        {Transient response of a packed bed for thermal energy storage},
  JOURNAL =      {International Journal of Heat and Mass Transfer},
  YEAR =         {1984},
  volume =       {21},
  number =       {9},
  pages =        {1659--1669}
}

@BOOK{Cengel-2011,
  AUTHOR =       {\c{C}engel, Y. A. and Ghajar, A. J.},
  TITLE =        {Heat and mass transfer: Fundamentals and applications.},
  PUBLISHER =    {McGraw-Hill},
  YEAR =         {2011},
  address =      {New York},
  edition =      {4}
}

@ARTICLE{Singh-2006,
  AUTHOR =       {Singh, R. and Saini, R. P. and Saini, J. S.},
  TITLE =        {Nusselt number and friction factor correlations for
                  packed bed solar energy storage system having large
                  sized elements of different shapes},
  JOURNAL =      {Solar Energy},
  YEAR =         {2006},
  volume =       {80},
  pages =        {760--771},
  doi   =        {10.1016/j.solener.2005.07.001}
}
